@article{fermi,
    title={The ionization loss of energy in gases and in condensed materials},
    author={Fermi, Enrico},
    journal={Physical Review},
    volume={57},
    number={6},
    pages={485},
    year={1940},
    publisher={APS},
}

@online{Vattenfall,
    author = {Vattenfall},
    title = {Elproduktion med kärnkraft},
    url = { https://www.vattenfall.fi/sv/elavtal/energikallor/karnkraft/},
    urldate = {2023-03-22},
}

@online{Energiforsk,
author = {Energiforsk},
title = {Miljöeffekter av stora kylvattenutsläpp i ett varmare klimat},
url = {https://energiforsk.se/program/karnkraft-omvarld-och-teknik/rapporter/miljoeffekter-av-stora-kylvattenutslapp-i-ett-varmare-klimat/},
urldate = {2023-03-22},
}
@online{Naturvårdsverket,
    author = {Naturvårdsverket},
    title = {Kärnkraftens miljöpåverkan},
    url = {https://www.naturvardsverket.se/amnesomraden/klimatomstallningen/omraden/klimatet-och-energin/energins-paverkan-pa-miljon/},
    urldate = {2023-03-22},
}
@online{Strålsäkerhetsmyndigheten,
    author = {Strålsäkerhetsmyndigheten},
    title = {Slutförvar an använt kärnbränsle},
    url = {https://www.stralsakerhetsmyndigheten.se/omraden/radioaktivt-avfall/slutforvar/slutforvar-for-anvant-karnbransle/},
    urldate = {2023-03-22},
}
@online{Strålsäkerhetsmyndigheten2,
    author = {Strålsäkerhetsmyndigheten},
    title = {Kärnkraft U-ö},
    url = {https://www.stralsakerhetsmyndigheten.se/omraden/karnkraft/ordlista-karnkraft/u-o/},
    urldate = {2023-03-22},
}

@online{Nationalgeographic,
    author = {Christina nunez},
    title = {What is nuclear energy and is it a viable resource?},
    url = {https://www.nationalgeographic.com/environment/article/nuclear-energy},
    urldate = {2023-03-22},
}

https://www.nationalgeographic.com/environment/article/nuclear-energy
@book{Fraenkel,
    author={Fraenkel, Lars and Gottfridsson, Daniel and Jonasson, Ulf},
    title={Impuls Fysik. 1},
    publisher={Gleerups},
    address={Malm{\"o}},
    year={2011},
    edition={1. uppl., 2. tr.},
    ISBN={9140674150},
    keywords={Fysik},
}
@booklet{2011vee,
    title={Vindkraft : en energik{\"a}lla med en fantastisk framtid},
    publisher={Svensk vindenergi},
    address={Stockholm},
    year={2011},
    keywords={Vindkraft},
}%! Author = milton.langstrom
%! Date = 2023-03-15

